@book{teschl,
  title={Mathematik für Informatiker},
  author={Teschl, Gerald and Teschl, Susanne},
  volume={2},
  year={2014},
  publisher={Springer}
}

@inproceedings{sellent2016stereo,
  title={Stereo video deblurring},
  author={Sellent, Anita and Rother, Carsten and Roth, Stefan},
  booktitle={European Conference on Computer Vision},
  pages={558--575},
  year={2016},
  organization={Springer}
}

@article{houghpatent,
    author = "Paul V. C. Hough",
    title = "{Method and Means for Recognizing Complex Patterns}",
    journal = "U.S. Patent",
    number = "3,069,654",
    year = "1962"
}
@article{findcontours,
    author = "Satoshi Suzuki and Keiichi Abe",
    title = "{Topological Structural Analysis of Digitized Binary Images by Border Following}",
    journal = "COMPUTER VISION, GRAPHICS, AND IMAGE PROCESSING",
    number = "30",
    pages={32-46},
    year = {1985}
}


@online{cvtransform,
	author = "OpenCV-Documentation",
    title = "Geometric Image Transformations",
    url  = "https://docs.opencv.org/master/da/d54/group__imgproc__transform.html",
    addendum = "(accessed: 03.05.2021)"
}
@online{opencvcontours,
    author = "OpenCV-Documentation",
    title = "Structural Analysis and Shape Descriptors",
    url  = "https://docs.opencv.org/master/d3/dc0/group__imgproc__shape.html#gadf1ad6a0b82947fa1fe3c3d497f260e0",
    addendum = "(accessed: 16.04.2021)"
}
@online{opencvadaptivethreshold,
    author = "OpenCV\-Documentation",
    title = "Miscellaneous Image Transformations",
    url  = "https://docs.opencv.org/master/d7/d1b/group__imgproc__misc.html#ggaa42a3e6ef26247da787bf34030ed772caf262a01e7a3f112bbab4e8d8e28182dd",
    addendum = "(accessed: 16.04.2021)"
}

@article{intersectionoverunion,
    author = "Paul Jaccard",
    title = "Tois de distribution florale dans la zone alpine",
    journal = " Bulletin de la Société Vaudoise des Sciences Naturelles",
    number = "38",
    pages={72},
    year = {1902}
}
@phdthesis{armarker,
author = "Siltanen, Sanni",
year = "2012",
pages = {},
title = {Theory and applications of marker based augmented reality}
}
@online{exif,
    author = "CIPA Standardization Committee",
    title = "Exif 2.32 metadata for XMP",
    url  = "https://www.cipa.jp/std/documents/download_e.html?DC-010-2020_E",
    addendum = "(accessed: 29.04.2021)"
}
@article{qixiangye,
    author = "Qixiang Ye and Jianbin Jiao and Jun Huang and Hua Yu",
    title = "Text detection and restoration in natural scene images",
    journal = " Journal Of Visual Commiunication and Image Representation",
    number = "18",
    pages={504-513},
    year = {2007}
}
@article{cannyedge,
author = {Canny, John},
year = {1986},
month = {12},
pages = {679 - 698},
title = {A Computational Approach To Edge Detection},
volume = {PAMI-8},
isbn = {9780080515816},
journal = {Pattern Analysis and Machine Intelligence, IEEE Transactions on},
doi = {10.1109/TPAMI.1986.4767851}
}