@book{teschl,
  title={Mathematik f√ºr Informatiker},
  author={Teschl, Gerald and Teschl, Susanne},
  volume={2},
  year={2014},
  publisher={Springer}
}

@inproceedings{sellent2016stereo,
  title={Stereo video deblurring},
  author={Sellent, Anita and Rother, Carsten and Roth, Stefan},
  booktitle={European Conference on Computer Vision},
  pages={558--575},
  year={2016},
  organization={Springer}
}
